@article{DBLP:journals/corr/RedmonDGF15,
  author    = {Joseph Redmon and
               Santosh Kumar Divvala and
               Ross B. Girshick and
               Ali Farhadi},
  title     = {You Only Look Once: Unified, Real-Time Object Detection},
  journal   = {CoRR},
  volume    = {abs/1506.02640},
  year      = {2015},
  url       = {http://arxiv.org/abs/1506.02640},
  archivePrefix = {arXiv},
  eprint    = {1506.02640},
  timestamp = {Mon, 13 Aug 2018 16:48:08 +0200},
  biburl    = {https://dblp.org/rec/bib/journals/corr/RedmonDGF15},
  bibsource = {dblp computer science bibliography, https://dblp.org}
}
@article{DBLP:journals/corr/RedmonF16,
  author    = {Joseph Redmon and
               Ali Farhadi},
  title     = {{YOLO9000:} Better, Faster, Stronger},
  journal   = {CoRR},
  volume    = {abs/1612.08242},
  year      = {2016},
  url       = {http://arxiv.org/abs/1612.08242},
  archivePrefix = {arXiv},
  eprint    = {1612.08242},
  timestamp = {Mon, 13 Aug 2018 16:48:25 +0200},
  biburl    = {https://dblp.org/rec/bib/journals/corr/RedmonF16},
  bibsource = {dblp computer science bibliography, https://dblp.org}
}
@book{Szeliski:2010:CVA:1941882,
 author = {Szeliski, Richard},
 title = {Computer Vision: Algorithms and Applications},
 year = {2010},
 isbn = {1848829345, 9781848829343},
 edition = {1st},
 publisher = {Springer-Verlag},
 address = {Berlin, Heidelberg},
} 
@Book{Hartley2004, 
    author = "Hartley, R.~I. and Zisserman, A.",
    title = "Multiple View Geometry in Computer Vision",
    edition = "Second",
    year = "2004",
    publisher = "Cambridge University Press, ISBN: 0521540518"
}
@article{Staniak:2010:SVS:1831760.1831963,
 author = {Staniak, Maciej and Zieli\'{n}ski, Cezary},
 title = {Structures of Visual Servos},
 journal = {Robot. Auton. Syst.},
 issue_date = {August, 2010},
 volume = {58},
 number = {8},
 month = aug,
 year = {2010},
 issn = {0921-8890},
 pages = {940--954},
 numpages = {15},
 url = {http://dx.doi.org/10.1016/j.robot.2010.04.004},
 doi = {10.1016/j.robot.2010.04.004},
 acmid = {1831963},
 publisher = {North-Holland Publishing Co.},
 address = {Amsterdam, The Netherlands, The Netherlands},
 keywords = {Robot control architectures, Visual servoing},
} 
@article{<inria-00350283>,
 author = {Fran√ßois Chaumette, S. Hutchinson.},
 title = {Visual servo control, Part I: Basic approaches},
 journal = {IEEE Robotics and Automation Magazine},
 year = {2006},
 pages = {pp.82-90},
 address = {, Institute of Electrical and Electronics Engineers},
} 
@INPROCEEDINGS{1308092, 
author={E. Malis}, 
booktitle={IEEE International Conference on Robotics and Automation, 2004. Proceedings. ICRA '04. 2004}, 
title={Improving vision-based control using efficient second-order minimization techniques}, 
year={2004}, 
volume={2}, 
number={}, 
pages={1843-1848 Vol.2}, 
keywords={robot vision;position control;minimisation;Newton method;convergence of numerical methods;image motion analysis;vision based robot control;second order minimization;Newton minimization algorithm;convergence rate;position control;image motion analysis;Minimization methods;Convergence;Cost function;Robot kinematics;Robot control;Least squares methods;Visual servoing;Robot vision systems;Feedback;Robot motion}, 
doi={10.1109/ROBOT.2004.1308092}, 
ISSN={1050-4729}, 
month={April},}
